
@article{vera_maria_ferrao_candau_ser_2014,
	title = {Ser professor/a hoje: novos confrontos entre saberes, culturas e práticas},
	url = {http://revistaseletronicas.pucrs.br/ojs/index.php/faced/article/viewFile/15003/10923},
	pages = {9},
	journaltitle = {Educação (Porto Alegre, impresso)},
	author = {{Vera Maria Ferrão Candau}},
	urldate = {2014-10-19},
	date = {2014-01}
}

@online{_curriculo_,
	title = {Currículo do Sistema de Currículos Lattes (Vera Maria Ferrão Candau)},
	url = {http://lattes.cnpq.br/6133365056620299},
	urldate = {2014-10-19},
	file = {Currículo do Sistema de Currículos Lattes (Vera Maria Ferrão Candau):/home/dmitry/.zotero/zotero/l63c8vet.default/zotero/storage/4Z2BUCC2/visualizacv.html:text/html}
}
